@INPROCEEDINGS{1292216,
  author={Wang, Z. and Simoncelli, E.P. and Bovik, A.C.},
  booktitle={The Thrity-Seventh Asilomar Conference on Signals, Systems   Computers, 2003}, 
  title={Multiscale structural similarity for image quality assessment}, 
  year={2003},
  volume={2},
  number={},
  pages={1398-1402 Vol.2},
  doi={10.1109/ACSSC.2003.1292216}}

@article{DBLP:journals/corr/BalleLS16a,
  author    = {Johannes Ball{\'{e}} and
               Valero Laparra and
               Eero P. Simoncelli},
  title     = {End-to-end Optimized Image Compression},
  journal   = {CoRR},
  volume    = {abs/1611.01704},
  year      = {2016},
  url       = {http://arxiv.org/abs/1611.01704},
  archivePrefix = {arXiv},
  eprint    = {1611.01704},
  timestamp = {Mon, 13 Aug 2018 16:46:00 +0200},
  biburl    = {https://dblp.org/rec/journals/corr/BalleLS16a.bib},
  bibsource = {dblp computer science bibliography, https://dblp.org}
}

@article{pruning1,
  author    = {Huixin Zhan and
               Yongcan Cao},
  title     = {Deep Model Compression via Deep Reinforcement Learning},
  journal   = {CoRR},
  volume    = {abs/1912.02254},
  year      = {2019},
  url       = {http://arxiv.org/abs/1912.02254},
  archivePrefix = {arXiv},
  eprint    = {1912.02254},
  timestamp = {Thu, 02 Jan 2020 18:08:18 +0100},
  biburl    = {https://dblp.org/rec/journals/corr/abs-1912-02254.bib},
  bibsource = {dblp computer science bibliography, https://dblp.org}
}
@article{pruning2,
  author    = {Manoj Alwani and
               Vashisht Madhavan and
               Yang Wang},
  title     = {{DECORE:} Deep Compression with Reinforcement Learning},
  journal   = {CoRR},
  volume    = {abs/2106.06091},
  year      = {2021},
  url       = {https://arxiv.org/abs/2106.06091},
  archivePrefix = {arXiv},
  eprint    = {2106.06091},
  timestamp = {Tue, 15 Jun 2021 16:35:15 +0200},
  biburl    = {https://dblp.org/rec/journals/corr/abs-2106-06091.bib},
  bibsource = {dblp computer science bibliography, https://dblp.org}
}

@article{pruning3,
  author    = {Khatri, Romancha},
  title     = {"Kernel-Controlled DQN Based CNN Pruning for Model Compression and Acceleration"},
  journal   = { Electronic Theses and Dissertations},
  volume    = {4105},
  year      = {2021},
  url       = {https://openprairie.sdstate.edu/etd/4105}
}
@INPROCEEDINGS{8954232,
  author={Yuan, Xin and Ren, Liangliang and Lu, Jiwen and Zhou, Jie},
  booktitle={2019 IEEE/CVF Conference on Computer Vision and Pattern Recognition (CVPR)}, 
  title={Enhanced Bayesian Compression via Deep Reinforcement Learning}, 
  year={2019},
  volume={},
  number={},
  pages={6939-6948},
  doi={10.1109/CVPR.2019.00711}}
  
@article{nn_arch_comp,
  author    = {Anubhav Ashok and
               Nicholas Rhinehart and
               Fares Beainy and
               Kris M. Kitani},
  title     = {{N2N} Learning: Network to Network Compression via Policy Gradient
               Reinforcement Learning},
  journal   = {CoRR},
  volume    = {abs/1709.06030},
  year      = {2017},
  url       = {http://arxiv.org/abs/1709.06030},
  archivePrefix = {arXiv},
  eprint    = {1709.06030},
  timestamp = {Mon, 13 Aug 2018 16:46:19 +0200},
  biburl    = {https://dblp.org/rec/journals/corr/abs-1709-06030.bib},
  bibsource = {dblp computer science bibliography, https://dblp.org}
}

@inbook{inbook,
author = {Liangguo, Wang and Jiang, Jing and Liao, Lejian},
year = {2018},
month = {08},
pages = {3-15},
title = {Sentence Compression with Reinforcement Learning: 11th International Conference, KSEM 2018, Changchun, China, August 17â€“19, 2018, Proceedings, Part I},
isbn = {978-3-319-99364-5},
doi = {10.1007/978-3-319-99365-2_1}
}

@ARTICLE{9387144,
  author={Guo, Shangqi and Yan, Qi and Su, Xin and Hu, Xiaolin and Chen, Feng},
  journal={IEEE Transactions on Pattern Analysis and Machine Intelligence}, 
  title={State-Temporal Compression in Reinforcement Learning with the Reward-Restricted Geodesic Metric}, 
  year={2021},
  volume={},
  number={},
  pages={1-1},
  doi={10.1109/TPAMI.2021.3069005}}

@article{brockman2016openai,
title={Openai gym},
author={Brockman, Greg and Cheung, Vicki and Pettersson, Ludwig and Schneider, Jonas and Schulman, John and Tang, Jie and Zaremba, Wojciech},
journal={arXiv preprint arXiv:1606.01540},
year={2016}
}

@article{raffin2019stable,
  title={Stable baselines3},
  author={Raffin, Antonin and Hill, Ashley and Ernestus, Maximilian and Gleave, Adam and Kanervisto, Anssi and Dormann, Noah},
  journal={GitHub repository},
  year={2019},
  publisher={GitHub}
}
